@article{siriwardane2023segmented,
  title={Segmented Arbitrage},
  author={Siriwardane, Emil and Sunderam, Adi and Wallen, Jonathan},
  journal={National Bureau of Economic Research},
  year={2023},
  publisher={NBER},
  doi={10.3386/w30561},
  url={https://doi.org/10.3386/w30561}
}
